@ARTICLE{bib1,
  author = {Аль Бадр, А. and Андронова, А. А. and Хусаинов, Р.Р. and Савин, С. И.},
  title = {Анализ методов управления высокого уровня для шагающих роботов},
  journal = {Известия Волгоградского государственного технического университета},
  year = {2024},
  volume = {9},
  language = {russian},
  authorother = {true},
  authorvak = {true},
}

@ARTICLE{scbib1,
  author = {Andronova, A. and Aldaher, A. and Savin, S.},
  title = {Robust observer-based control for systems with multiplicative uncertainties and static states},
  journal = {IET Control Theory and Applications},
  year = {2025},
  language = {english},
  authorscopus = {true},
  authorwos = {true},
  addendum = {(Scopus, WoS)},
}
