% ГОСТ Р 7.0.11-2011, Приложение Б, Книги
@article{Schur,
	url = {https://doi.org/10.1515/crll.1917.147.205},
	title = {Über Potenzreihen, die im Innern des Einheitskreises beschränkt sind.},
	title = {},
	author = {J. Schur},
	pages = {205--232},
	volume = {1917},
	number = {147},
	journal = {Journal für die reine und angewandte Mathematik},
	doi = {doi:10.1515/crll.1917.147.205},
	year = {1917},
	lastchecked = {2025-04-07}
}
@book{zhang05,
	abstract = {Describes the Schur complement as a tool in mathematical research and applications and discusses many significant results that illustrate its power and fertility. This book covers themes and variations on the Schur complement. It is useful for graduate and advanced undergraduate courses in mathematics, applied mathematics, and statistics.},
	added-at = {2016-05-07T13:17:17.000+0200},
	address = {New York},
	author = {Zhang, Fuzhen},
	biburl = {https://www.bibsonomy.org/bibtex/2cc07634b35032c5a159d521ba3e11ec3/ytyoun},
	doi = {10.1007/b105056},
	interhash = {bb62375f0cc0b580c91951d8ac8a7e16},
	intrahash = {cc07634b35032c5a159d521ba3e11ec3},
	isbn = {0387242716 9780387242712 0387242732 9780387242736 1280337451 9781280337451},
	keywords = {eigenvalues kron matrix schur textbook},
	publisher = {Springer},
	refid = {62873009},
	series = {Numerical Methods and Algorithms},
	timestamp = {2016-09-19T13:23:08.000+0200},
	title = {The {Schur} Complement and its Applications},
	volume = 4,
	year = 2005
}

@Article{Bennani2019,
	title={Robust ${H}_\infty$ Observer-based Stabilization of Linear Discrete-time Systems with Parameter Uncertainties},
	author={ Cherifa Bennani and Fazia Bedouhene and Hamza Bibi and Ali Zemouche and Rajesh Rajamani and Khadidja Chaib-Draa and Abdel Aitouche},
	journal={International Journal of Control, Automation and Systems},
	volume={17},
	number={9},
	pages={2261--2273},
	year={2019},
	doi={10.1007/s12555-018-0754-x}
}

@Book{BOYED1994,
	author = {Stephen Boyd and Laurent El Ghaoui and Eric Feron and Venkataramanan Balakrishnan},
	year = 1994,
	title = {Linear Matrix Inequalities in System and Control Theory},
	publisher = {Society for Industrial and Applied Mathematics (SIAM)}
}
@Article{Celentano2018,
	AUTHOR = {Celentano, Laura},
	TITLE = {A Unified Approach to Design Robust Controllers for Nonlinear Uncertain Engineering Systems},
	JOURNAL = {Applied Sciences},
	VOLUME = {8},
	YEAR = {2018},
	NUMBER = {11},
	eid = {2236},
	ISSN = {2076-3417},
	DOI = {10.3390/app8112236}
}

@Article{Cheng2018,
	author = {Cheng, Shengnan and Zhang, Qingling},
	title = {Robust stability and stabilization for descriptor systems with uncertainties in all matrices},
	journal = {International Journal of Robust and Nonlinear Control},
	volume = {28},
	number = {3},
	pages = {753-766},
	doi = {https://doi.org/10.1002/rnc.3898},
	year = {2018}
}

@INPROCEEDINGS{chignoli2021humanoid,
	author={Chignoli, Matthew and Kim, Donghyun and Stanger-Jones, Elijah and Kim, Sangbae},
	booktitle={2020 IEEE-RAS 20th International Conference on Humanoid Robots (Humanoids)}, 
	title={The MIT Humanoid Robot: Design, Motion Planning, and Control For Acrobatic Behaviors}, 
	year={2021},
	volume={},
	number={},
	pages={1-8},
	doi={10.1109/HUMANOIDS47582.2021.9555782}}

@ARTICLE{Darouach2014,
	author={Darouach, Mohamed},
	journal={IEEE Transactions on Automatic Control}, 
	title={Observers and Observer-Based Control for Descriptor Systems Revisited}, 
	year={2014},
	volume={59},
	number={5},
	pages={1367-1373},
	doi={10.1109/TAC.2013.2292720}}

@Article{GRITLI2021,
	author = {Hassène Gritli and Ali Zemouche and Safya Belghith},
	title = {On LMI conditions to design robust static output feedback controller for continuous-time linear systems subject to norm-bounded uncertainties},
	journal = {International Journal of Systems Science},
	volume = {52},
	number = {1},
	pages = {12--46},
	year = {2021},
	publisher = {Taylor \& Francis},
	doi = {10.1080/00207721.2020.1818145}}

@Article{HAUSWIRTH2024,
	title = {Optimization algorithms as robust feedback controllers},
	journal = {Annual Reviews in Control},
	volume = {57},
	pages = {100941},
	year = {2024},
	issn = {1367-5788},
	doi = {https://doi.org/10.1016/j.arcontrol.2024.100941},
	author = {Adrian Hauswirth and Zhiyu He and Saverio Bolognani and Gabriela Hug and Florian Dörfler}
}

@inproceedings{katayama2022whole,
	title={Whole-body model predictive control with rigid contacts via online switching time optimization},
	author={Katayama, Sotaro and Ohtsuka, Toshiyuki},
	booktitle={2022 IEEE/RSJ International Conference on Intelligent Robots and Systems (IROS)},
	pages={8858--8865},
	year={2022},
	organization={IEEE}
}

@article{KHELOUFI2013,
	title = {On LMI conditions to design observer-based controllers for linear systems with parameter uncertainties},
	journal = {Automatica},
	volume = {49},
	number = {12},
	pages = {3700-3704},
	year = {2013},
	issn = {0005-1098},
	doi = {https://doi.org/10.1016/j.automatica.2013.09.046},
	author = {Houria Kheloufi and Ali Zemouche and Fazia Bedouhene and Mohamed Boutayeb},
}

@Article{KHELOUFI2016,
	author = {Kheloufi, H. and Zemouche, A. and Bedouhene, F. and Souley-Ali, H.},
	title = {A robust ${H}_\infty$  observer-based stabilization method for systems with uncertain parameters and Lipschitz nonlinearities},
	journal = {International Journal of Robust and Nonlinear Control},
	volume = {26},
	number = {9},
	pages = {1962-1979},
	year = {2016}
}

@article{KIM2019,
	title={Highly Dynamic Quadruped Locomotion via Whole-Body Impulse Control and Model Predictive Control},
	author={Donghyun Kim and Jared Di Carlo and Benjamin Katz and Gerardo Bledt and Sangbae Kim},
	journal={ArXiv},
	year={2019},
	volume={abs/1909.06586},
	url={https://api.semanticscholar.org/CorpusID:202577921}
}

@ARTICLE{Li1997,
	author={Huaizhong Li and Minyue Fu},
	journal={IEEE Transactions on Signal Processing}, 
	title={A linear matrix inequality approach to robust ${H}_\infty$ filtering}, 
	year={1997},
	volume={45},
	number={9},
	pages={2338-2350},
	doi={10.1109/78.622956}}

@Article{LIEN2004,
	author={Chang-Hua Lien},
	journal={IEEE Transactions on Automatic Control}, 
	title={Robust observer-based control of systems with state perturbations via LMI approach}, 
	year={2004},
	volume={49},
	number={8},
	pages={1365-1370},
	keywords={Robust control;Control systems;Minimax techniques;Optimal control;Viscosity;Differential equations;Automatic control},
	doi={10.1109/TAC.2004.832660}}
	
@Article{LIEN2008,
	title = {LMI optimization approach on robustness and ${H}_\infty$  control analysis for observer-based control of uncertain systems},
	journal = {Chaos, Solitons and Fractals},
	volume = {36},
	number = {3},
	pages = {617-627},
	year = {2008},
	issn = {0960-0779},
	doi = {https://doi.org/10.1016/j.chaos.2006.06.076},
	author = {Chang-Hua Lien and Ker-Wei Yu},
}

@article{lu2023whole,
	title={Whole-body motion planning and control of a quadruped robot for challenging terrain},
	author={Lu, Guanglin and Chen, Teng and Rong, Xuewen and Zhang, Guoteng and Bi, Jian and Cao, Jingxuan and Jiang, Han and Li, Yibin},
	journal={Journal of Field Robotics},
	volume={40},
	number={6},
	pages={1657--1677},
	year={2023},
	publisher={Wiley Online Library}
}

@inproceedings{mason2014full,
	title={Full dynamics LQR control of a humanoid robot: An experimental study on balancing and squatting},
	author={Mason, Sean and Righetti, Ludovic and Schaal, Stefan},
	booktitle={2014 IEEE-RAS International Conference on Humanoid Robots},
	pages={374--379},
	year={2014},
	organization={IEEE},
	doi={10.1109/HUMANOIDS.2014.7041387}}

@INPROCEEDINGS{Nicolett2018,
	author={Nicolett, Achille and Karim, Alireza},
	booktitle={2018 European Control Conference (ECC)}, 
	title={Robust Controller Design For Linear Systems With Nonlinear Distortions. A Data-Driven Approach}, 
	year={2018},
	pages={1-6},
	doi={10.23919/ECC.2018.8550381}}

@article{POLYAK2021,
	title = { Linear Matrix Inequalities in Control Systems with Uncertainty},
	journal = {Automation and Remote Control},
	volume = {82},
	pages = {1-40},
	year = {2021},
	issn = {1608-3032},
	doi = {https://doi.org/10.1134/S000511792101001X},
	author = { B. T Polyak and M. V. Khlebnikov and P. S. Shcherbakov}
}
@INPROCEEDINGS{Pratt2006,
	author={Pratt, Jerry and Carff, John and Drakunov, Sergey and Goswami, Ambarish},
	booktitle={2006 6th IEEE-RAS International Conference on Humanoid Robots}, 
	title={Capture Point: A Step toward Humanoid Push Recovery}, 
	year={2006},
	volume={},
	number={},
	pages={200-207},
	doi={10.1109/ICHR.2006.321385}}

@Article{ROTONDO2014,
	title = {Robust state-feedback control of uncertain LPV systems: An LMI-based approach},
	journal = {Journal of the Franklin Institute},
	volume = {351},
	number = {5},
	pages = {2781-2803},
	year = {2014},
	issn = {0016-0032},
	doi = {https://doi.org/10.1016/j.jfranklin.2014.01.018},
	author = {Damiano Rotondo and Fatiha Nejjari and Vicenç Puig},
}

@Article{SAVIN2021,
	author = {Savin, Sergei and Balakhnov, Oleg and Khusainov, Ramil and Klimchik, Alexandr},
	title = {State Observer for Linear Systems with Explicit Constraints: Orthogonal Decomposition Method},
	journal = {Sensors},
	volume = {21},
	year = {2021},
	number = {18},
	eid = {6312},
	PubMedID = {34577519},
	ISSN = {1424-8220},
	doi = {10.3390/s21186312}
}

@INPROCEEDINGS{ZEMOUCHE2015,
	author={Zemouche, A. and Rajamani, R. and Kheloufi, H. and Bedouhene, F.},
	booktitle={2015 54th IEEE Conference on Decision and Control (CDC)}, 
	title={Observer-based stabilization via LMIs for linear uncertain systems}, 
	year={2015},
	volume={},
	number={},
	pages={7286-7291},
	keywords={Design methodology;Algorithm design and analysis;Linear matrix inequalities;Observers;Linear systems;State feedback;Couplings},
	doi={10.1109/CDC.2015.7403369}}

@article{Amato2011,
	author = {F. Amato, M. Ariola and C. Cosentino},
	title = {Robust finite-time stabilisation of uncertain linear systems},
	journal = {International Journal of Control},
	volume = {84},
	number = {12},
	pages = {2117--2127},
	year = {2011},
	publisher = {Taylor \& Francis},
	doi = {10.1080/00207179.2011.633230},
	URL = { 
	https://doi.org/10.1080/00207179.2011.633230
	}
}

@article{WalkingRobots,
	author = {Sergiu, Boris and Cononovici, and Curaj, Adrian},
	year = {2010},
	month = {01},
	pages = {},
	title = {An approach to walking robots planning and control},
	volume = {11},
	journal = {Proceedings of the Romanian Academy Series A - Mathematics Physics Technical Sciences Information Science}
}

@article{Cupec2011,
	author = {Cupec, Robert and Aleksi, Ivan and Schmidt, Günther},
	year = {2011},
	month = {02},
	pages = {84-100},
	title = {Step sequence planning for a biped robot by means of a cylindrical shape model and a high-resolution 2.5D map},
	volume = {59},
	journal = {Robotics and Autonomous Systems},
	doi = {10.1016/j.robot.2010.10.007}
}

@inproceedings{Chestnutt2005,
	author = {Chestnutt, Joel and Lau, Manfred and Cheung, G. and Kuffner, James and Hodgins, Jessica and Kanade, Takeo},
	year = {2005},
	month = {05},
	pages = {629 - 634},
	title = {Footstep planning for the Honda ASIMO humanoid},
	volume = {2005},
	isbn = {0-7803-8914-X},
	journal = {Proceedings - IEEE International Conference on Robotics and Automation},
	doi = {10.1109/ROBOT.2005.1570188}
}

@article{Aghili2003,
	title={Simulation of Motion of Constrained Multibody Systems Based on Projection Operator},
	author={Farhad Aghili and Jean-Claude Piedb{\oe}uf},
	journal={Multibody System Dynamics},
	year={2003},
	volume={10},
	pages={3-16},
	url={https://api.semanticscholar.org/CorpusID:117029880}
}

@article{Liang1987,
	title={A Differentiable Null Space Method for Constrained Dynamic Analysis},
	author={Cwo Gee Liang and George M. Lance},
	journal={Journal of Mechanisms Transmissions and Automation in Design},
	year={1987},
	volume={109},
	pages={405-411},
	url={https://api.semanticscholar.org/CorpusID:108437063}
}